@article{li2023advances,
	title={Advances in the application of deep learning methods to digital rock technology},
	author={Li, X. and Li, B. and Liu, F. and others},
	journal={Advances in Geo-Energy Research},
	volume={8},
	number={1},
	pages={5--18},
	year={2023}
}

@article{yang2023recent,
	title={Recent advances in multiscale digital rock reconstruction, flow simulation, and experiments during shale gas production},
	author={Yang, Y. and Liu, F. and Zhang, Q. and others},
	journal={Energy \& Fuels},
	volume={37},
	number={4},
	pages={2475--2497},
	year={2023}
}

@article{zhao2021tight,
	title={3D tight sandstone digital rock reconstruction with deep learning},
	author={Zhao, J. and Wang, F. and Cai, J.},
	journal={Journal of Petroleum Science and Engineering},
	volume={207},
	pages={109020},
	year={2021}
}

@article{bizhani2022reconstructing,
	title={Reconstructing high fidelity digital rock images using deep convolutional neural networks},
	author={Bizhani, M. and Ardakani, O. H. and Little, E.},
	journal={Scientific Reports},
	volume={12},
	number={1},
	pages={4264},
	year={2022}
}

@article{reinhardt2022benchmarking,
	title={Benchmarking conventional and machine learning segmentation techniques for digital rock physics analysis of fractured rocks},
	author={Reinhardt, M. and Jacob, A. and Sadeghnejad, S. and others},
	journal={Environmental Earth Sciences},
	volume={81},
	number={3},
	pages={71},
	year={2022}
}

@article{qin2022influence,
	title={Influence of pore morphology on permeability through digital rock modeling: new insights from the Euler number and shape factor},
	author={Qin, X. and Xia, Y. and Wu, J. and others},
	journal={Energy \& Fuels},
	volume={36},
	number={14},
	pages={7519--7530},
	year={2022}
}

@article{chi2024fusion,
	title={Digital rock reconstruction enhanced by a novel GAN-based 2D-3D image fusion framework},
	author={Chi, P. and Sun, J. and Zhang, R. and others},
	journal={Advances in Water Resources},
	volume={193},
	pages={104813},
	year={2024}
}

@inproceedings{karras2020analyzing,
	title={Analyzing and improving the image quality of stylegan},
	author={Karras, T. and Laine, S. and Aittala, M. and others},
	booktitle={CVPR},
	pages={8110--8119},
	year={2020}
}

@article{bermano2022stylegan,
	title={State‐of‐the‐Art in the Architecture, Methods and Applications of StyleGAN},
	author={Bermano, A. H. and Gal, R. and Alaluf, Y. and others},
	journal={Computer Graphics Forum},
	volume={41},
	number={2},
	pages={591--611},
	year={2022}
}

@article{cao2022reconstruction,
	title={Reconstruction of three-dimension digital rock guided by prior information with a combination of InfoGAN and style-based GAN},
	author={Cao, D. and Hou, Z. and Liu, Q. and others},
	journal={Journal of Petroleum Science and Engineering},
	volume={208},
	pages={109590},
	year={2022}
}

@inproceedings{almahairi2018augmented,
	title={Augmented cyclegan: Learning many-to-many mappings from unpaired data},
	author={Almahairi, A. and Rajeshwar, S. and Sordoni, A. and others},
	booktitle={ICML},
	pages={195--204},
	year={2018}
}

@article{chen2024icycle,
	title={ICycle-GAN: Improved cycle generative adversarial networks for liver medical image generation},
	author={Chen, Y. and Lin, H. and Zhang, W. and others},
	journal={Biomedical Signal Processing and Control},
	volume={92},
	pages={106100},
	year={2024}
}

@article{zhong2023multi,
	title={Multi-scale attention generative adversarial network for medical image enhancement},
	author={Zhong, G. and Ding, W. and Chen, L. and others},
	journal={IEEE Transactions on Emerging Topics in Computational Intelligence},
	volume={7},
	number={4},
	pages={1113--1125},
	year={2023}
}

@article{jia2022learning,
	title={Learning multi-scale synergic discriminative features for prostate image segmentation},
	author={Jia, H. and Cai, W. and Huang, H. and others},
	journal={Pattern Recognition},
	volume={126},
	pages={108556},
	year={2022}
}

@article{zhang2022reconstruction,
	title={3D reconstruction of porous media by combining scaling transformation and multi-scale discrimination using generative adversarial networks},
	author={Zhang, T. and Ji, X. and Lu, F.},
	journal={Journal of Petroleum Science and Engineering},
	volume={209},
	pages={109815},
	year={2022}
}

@article{chen2023multiscale,
	title={Multi-scale patch-GAN with edge detection for image inpainting},
	author={Chen, G. and Zhang, G. and Yang, Z. and others},
	journal={Applied Intelligence},
	volume={53},
	number={4},
	pages={3917--3932},
	year={2023}
}
